@article{stanley13,
  title={Reading and writing the neural code},
  author={Stanley, Garrett B},
  journal={Nature neuroscience},
  volume={16},
  number={3},
  pages={259--263},
  year={2013},
  publisher={Nature Publishing Group}
}

