
@inproceedings{campagnerEtAl24,
    title={Aeon: an open-source platform to study the neural basis of ethological behaviours over naturalistic timescales},
    author={D. Campagner and J. Bhagat and G. Lopes and L. Calcaterra and J.  Ahn and A.  Almeida and F. J. Carvalho and B. Cruz and A. Erskine and C. Lo and T. T. Nguyen and A. Pouget and J. Rapela and T. Ryan and J. Reggiani and S. SWC Foraging Behaviour Working Group},
    year={2024},
    booktitle = {Society for Neuroscience Annual Meeting},
    programnumber = {PSTR009.10/B81},
    howpublished={\url{https://www.sfn.org/-/media/SfN/Documents/NEW-SfN/Meetings/Neuroscience-2024/Abstracts-and-Sessions/Abstract-PDFs/SFN24_Abstracts-PDF-Posters_SAT_PM.pdf}},
}

@inproceedings{campagnerEtAl25,
    title={Aeon: an open -source platform for testing normative models of natural behaviours and their neural implementations},
    author={D. Campagner and J. Bhagat and G. Lopes and L. Calcaterra and J.  Ahn and A.  Almeida and F. J. Carvalho and B. Cruz and A. Erskine and C. Lo and T. T. Nguyen and A. Pouget and J. Rapela and T. Ryan and J. Reggiani and SWC Foraging Behaviour Working Group},
    year={2025},
    booktitle = {CoSyNe},
    howpublished={\url{https://www.cosyne.org/poster-session-3}},
}

@article{schoonoverEtAl21,
  title={Representational drift in primary olfactory cortex},
  author={Schoonover, Carl E and Ohashi, Sarah N and Axel, Richard and Fink, Andrew JP},
  journal={Nature},
  volume={594},
  number={7864},
  pages={541--546},
  year={2021},
  publisher={Nature Publishing Group UK London}
}

@article{finkEtAl24,
  title={Olfactory investigation in the home cage},
  author={Fink, Andrew JP and Hogan, Marcus and Schoonover, Carl E},
  journal={Neurobiology of Learning and Memory},
  volume={213},
  pages={107951},
  year={2024},
  publisher={Elsevier}
}

@article{newmanEtAl25,
  title={ONIX: a unified open-source platform for multimodal neural recording and perturbation during naturalistic behavior},
  author={Newman, Jonathan P and Zhang, Jie and Cuevas-L{\'o}pez, Aar{\'o}n and Miller, Nicholas J and Honda, Takato and van der Goes, Marie-Sophie H and Leighton, Alexandra H and Carvalho, Filipe and Lopes, Gon{\c{c}}alo and Lakunina, Anna and others},
  journal={Nature Methods},
  volume={22},
  number={1},
  pages={187--192},
  year={2025},
  publisher={Nature Publishing Group US New York}
}

@article{nagyEtAl23,
  title={SMART-BARN: Scalable multimodal arena for real-time tracking behavior of animals in large numbers},
  author={Nagy, M{\'a}t{\'e} and Naik, Hemal and Kano, Fumihiro and Carlson, Nora V and Koblitz, Jens C and Wikelski, Martin and Couzin, Iain D},
  journal={Science Advances},
  volume={9},
  number={35},
  pages={eadf8068},
  year={2023},
  publisher={American Association for the Advancement of Science}
}

@article{hoEtAl23,
  title={A fully automated home cage for long-term continuous phenotyping of mouse cognition and behavior},
  author={Ho, Hinze and Kejzar, Nejc and Sasaguri, Hiroki and Saito, Takashi and Saido, Takaomi C and De Strooper, Bart and Bauza, Marius and Krupic, Julija},
  journal={Cell Reports Methods},
  volume={3},
  number={7},
  year={2023},
  publisher={Elsevier}
}

@article{rayEtAl25,
  title={Hippocampal coding of identity, sex, hierarchy, and affiliation in a social group of wild fruit bats},
  author={Ray, Saikat and Yona, Itay and Elami, Nadav and Palgi, Shaked and Latimer, Kenneth W and Jacobsen, Bente and Witter, Menno P and Las, Liora and Ulanovsky, Nachum},
  journal={Science},
  volume={387},
  number={6733},
  pages={eadk9385},
  year={2025},
  publisher={American Association for the Advancement of Science}
}

@article{weissbrodEtAl13,
  title={Automated long-term tracking and social behavioural phenotyping of animal colonies within a semi-natural environment},
  author={Weissbrod, Aharon and Shapiro, Alexander and Vasserman, Genadiy and Edry, Liat and Dayan, Molly and Yitzhaky, Assif and Hertzberg, Libi and Feinerman, Ofer and Kimchi, Tali},
  journal={Nature communications},
  volume={4},
  number={1},
  pages={2018},
  year={2013},
  publisher={Nature Publishing Group UK London}
}

@article{dhawaleEtAl17,
  title={Automated long-term recording and analysis of neural activity in behaving animals},
  author={Dhawale, Ashesh K and Poddar, Rajesh and Wolff, Steffen BE and Normand, Valentin A and Kopelowitz, Evi and {\"O}lveczky, Bence P},
  journal={Elife},
  volume={6},
  pages={e27702},
  year={2017},
  publisher={eLife Sciences Publications, Ltd}
}
