@phdthesis{minka01,
  title={A family of algorithms for approximate Bayesian inference},
  author={Minka, Thomas Peter},
  year={2001},
  school={Massachusetts Institute of Technology}
}
