@article{bolusEtAl21,
  title={State-space optimal feedback control of optogenetically driven neural activity},
  author={Bolus, Michael F and Willats, Adam A and Rozell, Christopher J and Stanley, Garrett B},
  journal={Journal of neural engineering},
  volume={18},
  number={3},
  pages={036006},
  year={2021},
  publisher={IOP Publishing}
}
