@article{deisseroth15,
  title={Optogenetics: 10 years of microbial opsins in neuroscience},
  author={Deisseroth, Karl},
  journal={Nature neuroscience},
  volume={18},
  number={9},
  pages={1213--1225},
  year={2015},
  publisher={Nature Publishing Group US New York}
}

@article{deisseroth14,
  title={Circuit dynamics of adaptive and maladaptive behaviour},
  author={Deisseroth, Karl},
  journal={Nature},
  volume={505},
  number={7483},
  pages={309--317},
  year={2014},
  publisher={Nature Publishing Group UK London}
}
