
@ARTICLE(baylorEtAl84,
    AUTHOR      = {D.A. Baylor and B.J. Nunn and J.F. Schnapf},
    TITLE       = {The photocurrent, noise and spectral sensitivity of rods of
the monkey Macaca fascicularis.},
    JOURNAL     = {Journal of Physiology (London)},
    VOLUME      = {357},
    PAGES       = {575-607},
    YEAR        = {1984}
    )

@ARTICLE(mountcastle97,
    AUTHOR      = {Mountcastle, V.B.},
    TITLE       = {The columnar organization of the neocortex},
    JOURNAL     = {Brain},
    VOLUME      = {120},
    PAGES       = {701-22},
    YEAR        = {1997},
    PUBLISHER   = {Oxford Univ Press}
    )

@ARTICLE(aerstenEtAl89,
    AUTHOR      = {Aertsen, A.M. and Gerstein, G.L. and Habib, M.K. and Palm, G.},
    TITLE       = {Dynamics of neuronal firing correlation: modulation of" effective connectivity"},
    JOURNAL     = {Journal of neurophysiology},
    VOLUME      = {6},
    NUMBER      = {5},
    PAGES       = {900--917},
    YEAR        = {1989},
    PUBLISHER   = {Am Physiological Soc}
    )

@ARTICLE(lundEtAl93,
    AUTHOR      = {Lund, J.S. and Yoshioka, T. and Levitt, J.B.},
    TITLE       = {Comparison of intrinsic connectivity in different areas of macaque monkey cerebral cortex},
    JOURNAL     = {Cerebral Cortex},
    VOLUME      = {3},
    NUMBER      = {2},
    PAGES       = {148-162},
    YEAR        = {1993},
    PUBLISHER   = {Oxford Univ Press}
    )

@article{steinmetzEtAl21,
	title={Neuropixels 2.0: A miniaturized high-density probe for stable, long-term brain recordings},
	author={Steinmetz, Nicholas A and Aydin, Cagatay and Lebedeva, Anna and Okun, Michael and Pachitariu, Marius and Bauza, Marius and Beau, Maxime and Bhagat, Jai and B{\"o}hm, Claudia and Broux, Martijn and others},
	journal={Science},
	volume={372},
	number={6539},
	pages={eabf4588},
	year={2021},
	publisher={American Association for the Advancement of Science}
}
